@book{ラジオ,
  author    = {鈴木, 憲次},
  title     = {ラジオ&ワイヤレス回路の設計・製作 : ゲルマ・ラジオからワイヤレス・モデムまで : 実践派エレクトロニクス・ビギナーのために},
  publisher = {CQ出版},
  year      = {1999},
  url       = {https://cir.nii.ac.jp/crid/1130000796403965056}
}
